@PhdThesis{AC1,
author = {EDUARDO VIDAL IZQUIERDO},
title = {Epidemiolog\'ia de Plum pox virus y Citrus tristeza virus en bloques de plantas de vivero. M\'etodos de control},
school = {UNIVERSIDAD POLIT\'ECNICA DE VALENCIA},
year = {2010},
address = {Valencia}
}

@Article{AC2,
author = {A. P\'EREZ-SIERRA AND B. MORA-SALA AND M. LE\'ON AND J. GARC\'IA-JIM\'ENEZ AND P. ABAD-CAMPOS},
title = {Enfermedades causadas por Phytophthora en viveros de plantas ornamentales},
school = {UNIVERSIDAD POLIT\'ECNICA DE VALENCIA},
address = {Valencia},
journal = {Bolet\'in de Sanidad Vegetal Plagas},
year = {2012},
number = {38},
pages = {143-156}
}

@Article{AC3,
author = {Jennifer L. Parke AND Brian J. Knaus AND Valerie J. Fieland AND Carrie Lewis AND Niklaus J. Gr\''unwald},
title = {Phytophthora Community Structure Analyses in Oregon Nurseries Inform Systems Approaches to Disease Management},
journal = {PHYTOPATHOLOGY},
year = {2014},
volume = {104},
number = {10},
pages = {1052-1062},
month = {10}
}

@Article{AC4,
author = {Lu\'is Matos AND Julio Borb\'on},
title = {El Virus de la Tristeza de los Citricos (CTV) en Plantaciones Comerciales y Viveros de la Rep\'ublica Dominicana},
journal = {CARIBBEAN FOOD CROPS SOCIETY},
year = {2008},
volume = {44},
number = {2},
pages = {204-211},
address={Miami, Florida}
}

@MastersThesis{AC5,
author = {Carlos Joel Melgara Maradiaga},
title = {Ocurrencia de Huanglongbing (Candidatus Liberibacter asiaticus) y su vector [Diaphorina citri Kuwayama (Hemiptera: Liviidae)] en viveros de c\'itricos de Masaya},
school = {UNIVERSIDAD NACIONAL AGRARIA},
year = {2018},
address = {Managua, Nicaragua},
month = {8}
}

@Article{AE1,
author = {Abad Corpa, E. and Leal Llopis and J.,Paredes Sidrach de Cardona, A. and Garc\'ia Palomares, A.},
title = {MONITORIZACI\'ON DEL CUMPLIMIENTO DEL PROTOCOLO DE MANTENIMIENTO DE LA CATETERIZACI\'ON VENOSA MEDIANTE EL M\'ETODO LQAS},
journal = {Enfermer\'ia global},
year = {2004},
number = {5},
month = {11}
}

@Article{AE2,
author = {Youssef Tawfik and Shamsul Hoque and Mizan Siddiqi},
title = {Using lot quality assurance sampling to improve immunization coverage in Bangladesh},
journal = {Bulletin of the World Health Organization},
year = {2001},
volume = {79},
number = {6},
pages = {501-505}
}

@Article{AE3,
author = {Jos\'e A Andreo and Matilde Barrio and Rosa M Ramos and Miguel Torralba and Faustino Herrero and Pedro J Saturno},
title = {Evaluaci\'on, mejora y monitorizaci\'on de la adecuaci\'on de ingreso y estancia en medicina interna con el muestreo de aceptaci\'on de lotes},
journal = {Revista de Calidad Asistencial},
year = {2000},
volume = {15},
pages = {88-92}
}

@Article{AE4,
author = {Mark Myatt and Hans Limburg and Darwin Minassian and Damson Katyola},
title = {Field trial of applicability of lot quality assurance sampling survey method for rapid assessment of prevalence of active trachoma},
journal = {Bulletin of the World Health Organization},
year = {2003},
volume = {81},
pages = {877-885}
}

@TechReport{CTV,
title = {PD 15:
Virus de la tristeza
de los cítricos},
institution = {Convención Internacional de Protección Fitosanitaria (CIPF)},
year = {2016},
}

@TechReport{HLB,
title = {HLB: Aspectos generales de la enfermedad},
author={Elena Pérez Faggiani},
institution = {Instituto Nacional de Investigación Agropecuaria},
year = {2009},
}

@TechReport{EXO,
title = {LA EXOCORTIS DE LOS CITRICOS: SU CONTROL EN LAS NUEVAS PLANTACIONES},
author={N. Durán-Vila},
institution = {Instituto Valenciano de Investigaciones Agrarias},
}

@TechReport{MUES,
title = {NIMF n. 31 METODOLOG\'{i}AS PARA MUESTREO DE ENV\'{i}OS},
institution = {Convención Internacional de Protección Fitosanitaria},
year={2008},
}

@Book{M,
author = {César Pérez},
title = {Técnicas de muestreo estadístico},
year = {2010},
pages={119-166}
}

@Book{ACEP,
author = {Arturo Ruiz-Falcó Rojas},
title = {MUESTREOS DE ACEPTACIÓN},
year = {2006},
address = {Madrid},
month = {02},
institution={Universidad Pontificia Comillas}
}

@Misc{LEP,
title = {Leprosis de los Cítricos “PRC” (Citrus leprosis virus)},
howpublished = {\url{http://www.cesvver.org.mx/leprosis-de-los-citricos-prc-citrus-leprosis-virus/}},
institution = {Comité estatal de sanidad vegetal de Veracruz},
}

@Book{OPE,
author = {Roberto Carro Paz \& Daniel González Gómez},
title = {Administración de las operaciones: Muestreo de aceptación},
institution={Universidad Nacional de Mar de Plata}
}